<record><leader>00000cas a22000007a 4500</leader><controlfield tag="001">14564360</controlfield><controlfield tag="008">861029c19569999txudr ne      0   a0eng d</controlfield><datafield ind1=" " ind2=" " tag="010"><subfield code="a">sn 86089911 </subfield></datafield><datafield ind1=" " ind2=" " tag="040"><subfield code="a">PPM</subfield><subfield code="b">eng</subfield><subfield code="c">PPM</subfield><subfield code="d">NSD</subfield><subfield code="d">PPM</subfield><subfield code="d">CUS</subfield><subfield code="d">OCLCQ</subfield><subfield code="d">OCLCF</subfield></datafield><datafield ind1=" " ind2=" " tag="012"><subfield code="m">1</subfield></datafield><datafield ind1="1" ind2=" " tag="022"><subfield code="a">1065-7886</subfield><subfield code="l">1065-7886</subfield><subfield code="2">1</subfield></datafield><datafield ind1=" " ind2=" " tag="032"><subfield code="a">304270</subfield><subfield code="b">USPS</subfield></datafield><datafield ind1=" " ind2=" " tag="037"><subfield code="b">The Brazosport Facts, PO Box 549, Clute, TX 77531</subfield></datafield><datafield ind1=" " ind2=" " tag="042"><subfield code="a">msc</subfield><subfield code="a">nsdp</subfield></datafield><datafield ind1=" " ind2=" " tag="043"><subfield code="a">n-us-tx</subfield></datafield><datafield ind1="1" ind2="4" tag="050"><subfield code="a">Newspaper</subfield></datafield><datafield ind1=" " ind2="4" tag="222"><subfield code="a">The Brazosport facts</subfield></datafield><datafield ind1="0" ind2="4" tag="245"><subfield code="a">The Brazosport facts.</subfield></datafield><datafield ind1=" " ind2=" " tag="260"><subfield code="a">Freeport, Tex. :</subfield><subfield code="b">Chet Becker</subfield></datafield><datafield ind1=" " ind2=" " tag="300"><subfield code="a">v. :</subfield><subfield code="b">ill. ;</subfield><subfield code="c">58 cm.</subfield></datafield><datafield ind1=" " ind2=" " tag="310"><subfield code="a">Daily</subfield></datafield><datafield ind1="0" ind2=" " tag="362"><subfield code="a">Vol. 43, no. 220 (Jan. 1, 1956)-</subfield></datafield><datafield ind1=" " ind2=" " tag="500"><subfield code="a">Published: Southern Newspapers, Inc., &lt;Sept. 1, 1992-&gt;</subfield></datafield><datafield ind1=" " ind2=" " tag="588"><subfield code="a">Latest issue consulted: Vol. 79, no. 177 (Sept. 1, 1992).</subfield></datafield><datafield ind1=" " ind2="0" tag="651"><subfield code="a">Brazoria (Tex.)</subfield><subfield code="v">Newspapers.</subfield></datafield><datafield ind1=" " ind2="7" tag="655"><subfield code="a">Newspapers.</subfield><subfield code="2">fast</subfield><subfield code="0">(OCoLC)fst01423814</subfield></datafield><datafield ind1=" " ind2="7" tag="651"><subfield code="a">Texas</subfield><subfield code="z">Brazoria.</subfield><subfield code="2">fast</subfield><subfield code="0">(OCoLC)fst01223376</subfield></datafield><datafield ind1=" " ind2=" " tag="752"><subfield code="a">United States</subfield><subfield code="b">Texas</subfield><subfield code="c">Brazoria</subfield><subfield code="d">Freeport.</subfield></datafield><datafield ind1=" " ind2=" " tag="752"><subfield code="a">United States</subfield><subfield code="b">Texas</subfield><subfield code="c">Brazoria</subfield><subfield code="d">Clute.</subfield></datafield><datafield ind1="0" ind2="8" tag="776"><subfield code="i">Online version:</subfield><subfield code="t">Brazosport facts (Online)</subfield><subfield code="w">(DLC)sn 86089911</subfield><subfield code="w">(OCoLC)233142224</subfield></datafield><datafield ind1="0" ind2="0" tag="780"><subfield code="t">Daily facts-review</subfield><subfield code="w">(OCoLC)16907986</subfield></datafield></record>